% This file was created with JabRef 2.9.2.
% Encoding: utf8

@Unpublished{google_gntb,
  title = "{Globaly Normalized Transition-Based Neural Networks}",
  author = "Daniel Andor and Chris Alberti and David Weiss and Aliaksei Severyn and Alessandro Presta and Kuzman Ganchev and Slav Petrov and Michael Collins",
  year = "2016",
  eprint = "1603.06042",
  archivePrefix = "arXiv",
}

@Book{Goodfellow-et-al-2016,
    title={Deep Learning},
    author={Ian Goodfellow and Yoshua Bengio and Aaron Courville},
    publisher={MIT Press},
    note={\url{http://www.deeplearningbook.org}},
    year={2016}
}

@Unpublished{word2vec,
  title = "{Distributed Representations of Words and Phrases and their Compositionality}",
  author = "Tomas Mikolov and Ilya Sutskever and Kai Chen and Greg Corrado and Jeffrey Dean",
  year = "2013",
  eprint = "1310.4546",
  archivePrefix = "arXiv",
}
